@misc{GeoShader,
	title = {{Geometry Shader - OpenGL wiki}},
	author = {The Khronos Group Inc},
	howpublished = {\url{https://www.khronos.org/opengl/wiki/Geometry_Shader}},
	note = {Accessed: 26/07/2019}
}

@misc{TesPriGen,
	title = {{Tessellation Primitive Generator - OpenGL wiki}},
	author = {The Khronos Group Inc},
	howpublished = {\url{https://www.khronos.org/opengl/wiki/Tessellation#Tessellation_primitive_generation}},
	note = {Accessed: 26/07/2019}
}

@misc{TesEvaShader,
	title = {{Tessellation Evaluation Shader - OpenGL wiki}},
	author = {The Khronos Group Inc},
	howpublished = {\url{https://www.khronos.org/opengl/wiki/Tessellation_Evaluation_Shader}},
	note = {Accessed: 25/07/2019}
}

@misc{TesConShader,
	title = {{Tessellation Control Shader - OpenGL wiki}},
	author = {The Khronos Group Inc},
	howpublished = {\url{https://www.khronos.org/opengl/wiki/Tessellation_Control_Shader}},
	note = {Accessed: 24/07/2019}
}

@misc{VertexShader,
	title = {{Vertex Shader - OpenGL wiki}},
	author = {The Khronos Group Inc},
	howpublished = {\url{https://www.khronos.org/opengl/wiki/Vertex_Shader}},
	note = {Accessed: 24/07/2019}
}

@misc{GLSL,
	title = {{GLSL Website}},
	author = {The Khronos Group Inc},
	howpublished = {\url{https://www.khronos.org/opengl/wiki/Core_Language_(GLSL)}},
	note = {Accessed: 24/07/2019}
}

@misc{OpenGL,
	title = {{OpenGL Website}},
	author = {The Khronos Group Inc},
	howpublished = {\url{https://www.opengl.org/}},
	note = {Accessed: 23/07/2019}
}

@misc{Microsoft,
	title = {{Microsoft Website}},
	author = {Microsoft},
	howpublished = {\url{https://www.microsoft.com/es-es}},
	note = {Accessed: 23/07/2019}
}

@misc{OpenGLARB,
	title = {{About the OpenGL ARB}},
	author = {The Khronos Group Inc},
	howpublished = {\url{https://www.opengl.org/archives/about/arb/}},
	note = {Accessed: 19/07/2019}
}

@book{Shreiner:2009:OPG:1696492,
	author = {Shreiner and Dave and The Khronos OpenGL ARB Working Group},
	title = {OpenGL Programming Guide: The Official Guide to Learning OpenGL, Versions 3.0 and 3.1},
	year = {2009},
	isbn = {0321552628, 9780321552624},
	edition = {7th},
	publisher = {Addison-Wesley Professional},
} 


@incollection{DEFANTI1991247,
	title = "Visualization in Scientific Computing",
	editor = "Marshall C. Yovits",
	series = "Advances in Computers",
	publisher = "Elsevier",
	volume = "33",
	pages = "247 - 307",
	year = "1991",
	issn = "0065-2458",
	doi = "https://doi.org/10.1016/S0065-2458(08)60168-0",
	url = "http://www.sciencedirect.com/science/article/pii/S0065245808601680",
	author = "Thomas A. Defanti and Maxine D. Brown",
}

@inproceedings{Rohrer:2000:SBI:510378.510552,
 author = {Rohrer, Matthew W.},
 title = {Seeing is Believing: The Importance of Visualization in Manufacturing Simulation},
 booktitle = {Proceedings of the 32Nd Conference on Winter Simulation},
 series = {WSC '00},
 year = {2000},
 isbn = {0-7803-6582-8},
 location = {Orlando, Florida},
 pages = {1211--1216},
 numpages = {6},
 url = {http://dl.acm.org/citation.cfm?id=510378.510552},
 acmid = {510552},
 publisher = {Society for Computer Simulation International},
 address = {San Diego, CA, USA},
} 

@article{McCormick:1988:VSC:43965.43966,
 author = {McCormick, B. H. and DeFanti, T. A. and Brown, M. D.},
 title = {Visualization in Scientific Computing},
 journal = {Computer Graphics},
 volume = {20},
 number = {6},
 year = {1987},
} 

@book{GEN:Bransden:2003,
	Author = {B.~H.~Bransden and C.~J.~Joachain},
	Publisher = {New York: Prentice-Hall},
	Title = {Physics of Atoms and Molecules},
	Volume = {2nd Ed.},
	Year = {2003}}

@article{GS:Bailey:2009,
	Author = {M.~Bailey},
	Journal = ICGA,
	Pages = {96-100},
	Title = {Using GPU Shaders for Visualization},
	Volume = {29},
    Number = {35},
	Year = {2009}}

@article{GS:Bailey:2011,
	Author = {M.~Bailey},
	Journal = ICGA,
	Pages = {67-73},
	Title = {Using GPU Shaders for Visualization II},
	Volume = {31},
    Number = {2},
	Year = {2011}}

@article{GS:Bailey:2013,
	Author = {M.~Bailey},
	Journal = ICGA,
	Title = {Using GPU Shaders for Visualization III},
	Year = {2013}}

@misc{DMatrix:DePaola:2003,
	Author = {B.~D.~DePaola},
	Howpublished = {Kansas State University, Manhattan, KS},
	Note = {(Unpublished)},
	Title = {Lectures on Coherent Excitation},
	Year = {2003}}

@misc{DMatrix:Weaver:2005,
	Author = {O.~L.~Weaver},
	Howpublished = {Kansas State University, Manhattan, KS},
	Note = {(Private Communication)},
	Year = {2005}}

@phdthesis{DMatrix:Nguyen:2003,
	Author = {H.~Nguyen},
	School = {Kansas State University},
	Title = {MOTRIMS},
	Year = {2003}}

@misc{Note:Params1:2005,
	Note = {You can add the text of a note between the braces.}}

@misc{Note:Params2:2005,
	Note = {For Fig.~\ref{fig:chap02:Mathematica:DvsDetuning}, the following parameters were          used:  $I_{p} = 20$~W/cm$^{2}$, $I_{s}$ was set such that the Rabi frequencies, $\Omega_{p}$ and          $\Omega_{s}$ were equal, $w_{p} = w_{s} = 50$~ns and $\tau = -80$~ns.  Both $\Delta_{1}$ and          $\Delta_{2}$ (one- and two-photon resonance, respectively) were allowed to vary.}}
