%% This BibTeX bibliography file was created using BibDesk.
%% http://bibdesk.sourceforge.net/

%% Created for Nacho at 2011-04-01 11:38:44 +0200 

%% Saved with string encoding Unicode (UTF-8) 

@string{arpc = {Annu. Rev. Phys. Chem.}}

@string{icga = {IEEE Computer Graphics and Applications}}

@string{jcp = {J.~Chem. Phys.}}

@string{josab = {J.~Opt. Soc. Am.~B}}

@string{prl = {Phys. Rev. Lett.}}

@string{rmp = {Rev. Mod. Phys.}}

@book{GEN:Bransden:2003,
	Author = {B.~H.~Bransden and C.~J.~Joachain},
	Publisher = {New York: Prentice-Hall},
	Title = {Physics of Atoms and Molecules},
	Volume = {2nd Ed.},
	Year = 2003}

@article{GS:Bailey:2009,
	Author = {M.~Bailey},
	Journal = ICGA,
	Pages = {96-100},
	Title = {Using GPU Shaders for Visualization},
	Volume = {29},
    Number = {35},
	Year = {2009}}

@article{GS:Bailey:2011,
	Author = {M.~Bailey},
	Journal = ICGA,
	Pages = {67-73},
	Title = {Using GPU Shaders for Visualization II},
	Volume = {31},
    Number = {2},
	Year = {2011}}

@article{GS:Bailey:2013,
	Author = {M.~Bailey},
	Journal = ICGA,
	Title = {Using GPU Shaders for Visualization III},
	Year = {2013}}

@misc{DMatrix:DePaola:2003,
	Author = {B.~D.~DePaola},
	Howpublished = {Kansas State University, Manhattan, KS},
	Note = {(Unpublished)},
	Title = {Lectures on Coherent Excitation},
	Year = {2003}}

@misc{DMatrix:Weaver:2005,
	Author = {O.~L.~Weaver},
	Howpublished = {Kansas State University, Manhattan, KS},
	Note = {(Private Communication)},
	Year = {2005}}

@phdthesis{DMatrix:Nguyen:2003,
	Author = {H.~Nguyen},
	School = {Kansas State University},
	Title = {MOTRIMS},
	Year = {2003}}

@misc{Note:Params1:2005,
	Note = {You can add the text of a note between the braces.}}

@misc{Note:Params2:2005,
	Note = {For Fig.~\ref{fig:chap02:Mathematica:DvsDetuning}, the following parameters were          used:  $I_{p} = 20$~W/cm$^{2}$, $I_{s}$ was set such that the Rabi frequencies, $\Omega_{p}$ and          $\Omega_{s}$ were equal, $w_{p} = w_{s} = 50$~ns and $\tau = -80$~ns.  Both $\Delta_{1}$ and          $\Delta_{2}$ (one- and two-photon resonance, respectively) were allowed to vary.}}
